@online{rootsWarNYT22,
author = {Dan Bilefsky, Richard P.P., Eric Nagourney},
title = {The Roots of the Ukraine War: How the Crisis Developed},
day = 21,
month = Abril,
year = {2022},
url = {https://www.nytimes.com/article/russia-ukraine-nato-europe.html},
urlaccessdate = {12 jul. 2022}
}

@online{impactInvasionStanford22,
author = {MELISSA DE WITTE},
title = {Understanding the impact of the Russian invasion of Ukraine, according to Stanford scholars, students},
day = 27,
month = Abril,
year = {2022},
url = {https://news.stanford.edu/2022/04/27/understanding-impact-russian-invasion-ukraine-according-stanford-scholars-students/},
urlaccessdate = {10 jul. 2022}
}

@online{sanctionsRussia22,
author = {European Council},
title = {EU sanctions against Russia explained},
day = 28,
month = Junho,
year = {2022},
url = {https://www.consilium.europa.eu/en/policies/sanctions/restrictive-measures-against-russia-over-ukraine/sanctions-against-russia-explained/},
urlaccessdate = {5 jul. 2022}
}

@online{worldbank22,
author = {The World Bank},
title = {Russian Invasion to Shrink Ukraine Economy by 45 Percent this Year},
day = 10,
month = Abril,
year = {2022},
url = {https://www.worldbank.org/en/news/press-release/2022/04/10/russian-invasion-to-shrink-ukraine-economy-by-45-percent-this-year},
urlaccessdate = {10 jul. 2022}
}

@online{guardian22,
author = {Patrick Wintour},
title = {What did the G7 and Nato summits really mean for Ukraine?},
day = 30,
month = Junho,
year = {2022},
url = {https://www.theguardian.com/world/2022/jun/30/what-did-the-g7-and-nato-summits-really-mean-for-ukraine},
urlaccessdate = {11 jul. 2022}
}

@online{natoNYT,
author = {Edward Wong, Lara Jakes},
title = {NATO Won't Let Ukraine Join Soon. Here's Why.},
day = 13,
month = Janeiro,
year = {2022},
url = {https://www.nytimes.com/2022/01/13/us/politics/nato-ukraine.html},
urlaccessdate = {20 jun. 2022}
}

@online{globalization18,
author = {Edward Wong, Lara Jakes},
title = {What Is Globalization?},
day = 29,
month = Outubro,
year = {2018},
url = {https://www.piie.com/microsites/globalization/what-is-globalization},
urlaccessdate = {23 mai. 2022}
}

@online{tradeGlobalization14,
author = {Esteban Ortiz-Ospina, Diana Beltekian},
title = {Trade and Globalization},
year = {2014},
url = {https://ourworldindata.org/trade-and-globalization},
urlaccessdate = {23 mai. 2022}
}


@online{riskOpportunities14,
author = {Xubei Luo, Gary Gereffi},
title = {Risks and Opportunities of Participation in Global Value Chains},
day = 20,
month = Maio,
year = {2014},
url = {https://blogs.worldbank.org/developmenttalk/risks-and-opportunities-participation-global-value-chains},
urlaccessdate = {23 mai. 2022}
}

@online{ukraineImpactSupplyChain22,
author = {World Economic Forum},
title = {How is the war in Ukraine impacting the global supply chain?},
day = 5,
month = Julho,
year = {2022},
url = {https://www.weforum.org/agenda/2022/07/ripple-effects-from-russia-ukraine-war-test-global-economies/},
urlaccessdate = {11 jul. 2022}
}

@online{ukraineGlobalEconomy22,
author = {World Economic Forum},
title = {How the crisis in Ukraine is affecting the global economy},
day = 21,
month = {Março},
year = {2022},
url = {https://www.weforum.org/agenda/2022/03/war-ukraine-global-economy-inflation},
urlaccessdate = {11 jul. 2022}
}

@online{sanctionsRussiaBBC22,
author = {BBC News},
title = {What are the sanctions on Russia and are they hurting its economy?},
day = 27,
month = Junho,
year = {2022},
url = {https://www.bbc.com/news/world-europe-60125659},
urlaccessdate = {11 jul. 2022}
}

@online{bloombergCarsSales22,
author = {Bloomberg News},
title = {Russian Car Sales Drop Record 79% as Automakers Leave},
day = 11,
month = Maio,
year = {2022},
url = {https://www.bloomberg.com/news/articles/2022-05-11/russian-car-sales-drop-record-79-in-april-amid-automaker-exodus},
urlaccessdate = {3 jul. 2022}
}

@online{bloombergChinaRussia22,
author = {Marc Champion},
title = {Why Closer Ties Between Russia and China Have Democracies Worried},
day = 14,
month = Junho,
year = {2022},
url = {https://www.bloomberg.com/news/articles/2022-06-14/why-increasing-russia-china-ties-worry-democracies-quicktake#xj4y7vzkg},
urlaccessdate = {3 jul. 2022}
}

@online{russianGold22,
author = { Alice Tidey },
title = {EU to target Russian gold in next round of sanctions over Ukraine war },
day = 15,
month = Julho,
year = {2022},
url = {https://www.euronews.com/my-europe/2022/07/15/eu-to-target-russian-gold-in-next-round-of-sanctions-over-ukraine-war},
urlaccessdate = {15 jul. 2022}
}

@online{oecRussia22,
title = {Russia},
year = {2022},
url = {https://oec.world/en/profile/country/rus},
urlaccessdate = {10 jul. 2022}
}

@online{oecUkraine22,
title = {Ukraine},
year = {2022},
url = {https://oec.world/en/profile/country/ukr},
urlaccessdate = {10 jul. 2022}
}

@online{russianDevelopment22,
author = { Euronews  with AP, AFP, Reuters},
title = {Ukraine war: Six latest developments linked to Russia's invasion},
day = 15,
month = Julho,
year = {2022},
url = {https://www.euronews.com/2022/07/15/ukraine-war-six-latest-developments-linked-to-russias-invasion},
urlaccessdate = {15 jul. 2022}
}

@online{asiaFoodCrisis22,
author = {Dominic Faulder},
title = {Asia's food crisis: Ukraine war triggers chain reaction of shortages},
day = 18,
month = Maio,
year = {2022},
url = {https://asia.nikkei.com/Spotlight/The-Big-Story/Asia-s-food-crisis-Ukraine-war-triggers-chain-reaction-of-shortages},
urlaccessdate = {6 jul. 2022}
}

@online{suspensionImports22,
author = {European Parliament},
title = {Suspension of EU import duties on Ukrainian exports set for fast-track approval},
day = 16,
month = Maio,
year = {2022},
url = {https://www.europarl.europa.eu/news/en/press-room/20220516IPR29639/suspension-of-eu-import-duties-on-ukrainian-exports-set-for-fast-track-approval},
urlaccessdate = {3 jul. 2022}
}

@online{workmanRussia22,
author = {Daniel Workman},
title = {Russia’s Top Trading Partners},
year = {2022},
url = {https://www.worldstopexports.com/russias-top-import-partners/},
urlaccessdate = {13 jul. 2022}
}

@online{workmanUkraine22,
author = {Daniel Workman},
title = {Ukraine’s Top 10 Exports},
year = {2022},
url = {https://www.worldstopexports.com/ukraines-top-10-exports/},
urlaccessdate = {13 jul. 2022}
}

@online{russiaUnemployment22,
author = {Bloomberg News},
title = {Russia Piles Pressure on Companies as Unemployment Crisis Looms},
day = 7,
month = Abril,
year = {2022},
url = {https://www.bloomberg.com/news/articles/2022-04-07/russians-paid-not-to-work-won-t-keep-jobless-spike-away-for-long#xj4y7vzkg},
urlaccessdate = {13 jul. 2022}
}

@article{palley2018three,
  title={Three globalizations, not two: Rethinking the history and economics of trade and globalization},
  author={Palley, Thomas I},
  journal={European Journal of Economics and Economic Policies: Intervention},
  volume={15},
  number={2},
  pages={174--192},
  year={2018},
  publisher={Edward Elgar Publishing Ltd}
}

@article{guenette2022implications,
  title={Implications of the War in Ukraine for the Global Economy},
  author={Guenette, Justin Damien and Kenworthy, Philip George and Wheeler, Collette Mari},
  year={2022},
  publisher={Washington, DC: World Bank}
}

@article{ruta2022impact,
  title={The Impact of the War in Ukraine on Global Trade and Investment},
  author={Ruta, Michele and others},
  year={2022},
  publisher={Washington, DC}
}

@article{antras2013organizing,
  title={Organizing the global value chain},
  author={Antr{\`a}s, Pol and Chor, Davin},
  journal={Econometrica},
  volume={81},
  number={6},
  pages={2127--2204},
  year={2013},
  publisher={Wiley Online Library}
}

@techreport{wang2017measures,
  title={Measures of participation in global value chains and global business cycles},
  author={Wang, Zhi and Wei, Shang-Jin and Yu, Xinding and Zhu, Kunfu},
  year={2017},
  institution={National Bureau of Economic Research}
}

@article{dollar2019technological,
  title={Technological innovation, supply chain trade, and workers in a globalized world},
  author={Dollar, D},
  journal={Global Value Chain Development Report},
  volume={1},
  year={2019}
}

@book{morettin2017estatistica,
  title={Estat{\'\i}stica b{\'a}sica},
  author={Morettin, Pedro A and Bussab, Wilton O},
  year={2017},
  publisher={Saraiva Educa{\c{c}}{\~a}o SA}
}

@book{keynes1920,
  title={The economic consequences of the peace},
  author={Keynes, John Maynard},
  year={1920},
  publisher={Harcourt, Brace, and Howe}
}

@book{krugman15,
  title={International economics: Theory and policy},
  author={Krugman, Paul R and Obstfeld, Maurice},
  year={2015},
  publisher={Pearson Education}
}

@book{harold02,
  title={The end of globalization: lessons from the Great Depression},
  author={Harold James},
  year={2002},
  publisher={Harvard University Press}
}