@article{crowdSynchrony05,
  title={Crowd synchrony on the Millennium Bridge},
  author={Strogatz, Steven H and Abrams, Daniel M and McRobie, Allan and Eckhardt, Bruno and Ott, Edward},
  journal={Nature},
  volume={438},
  number={7064},
  pages={43--44},
  year={2005},
  publisher={Nature Publishing Group}
}

@article{lateralExcitation03,
  title={Vibration of the London Millennium Bridge: cause and cure},
  author={Newland, David E},
  journal={International Journal of Acoustics and Vibration},
  volume={8},
  number={1},
  pages={9--14},
  year={2003}
}

@article{ponteMilenioPortugues20,
  title={Ponte do Mil{\^e}nio, Londres: efeito de multid{\~a}o--um desafio para a Engenharia no ano 2000},
  author={Nunes, Patr{\'\i}cia Cristina Cunha},
  journal={TECNOLOGIAS EM PROJE{\c{C}}{\~A}O},
  volume={11},
  number={1},
  pages={39--48},
  year={2020}
}

@book{stewartCalculo217,
  title={C{\'a}lculo},
  author={Stewart, James and Romo, Jorge Humberto},
  year={2017},
  publisher={Cengage Learning}
}

@book{boyce10,
  title={Equa{\c{c}}{\~o}es diferenciais elementares e problemas de valores de contorno},
  author={Boyce, William E and DiPrima, Richard C},
  year={2010},
  publisher={LTC}
}